@MISC{CCC1,
	author={CCC},
	title={{Forderungen für ein lebenswertes Netz}},
	year=2010,
	note={\\\url{http://ccc.de/de/updates/2010/forderungen-lebenswertes-netz}}
}

@MISC{MIT1,
	title={{OpenCourseWare Project}},
	author={Masachusetts Institute of Technology},
	note={\\\url{http://ocw.mit.edu/index.htm}}
}

@MISC{SZ1,
	author={Süddeutsche Zeitung},
	title={{Urteil zur Vorratsdatenspeicherung -- Karlsruhe kippt deutsche Regelung}},
	year=2010,
	note={\\\url{http://tinyurl.com/2vcabjy}}
}

@MISC{FSFE1,
	author={Free Software Foundation Europe},
	note={\\\url{http://fsfe.org/}}
}

@MISC{FSF1,
	author={Free Software Foundation},
	note={\\\url{http://www.fsf.org/}}
}

@MISC{AKZ1,
	author={Arbeitskreis gegen Internet-Sperren und Zensur},
	note={\\\url{http://ak-zensur.de/}}
}

@MISC{AKV1,
	author={Arbeitskreis Vorratsdatenspeicherung},
	note={\\\url{http://www.vorratsdatenspeicherung.de/index.php}}
}

@MISC{WPG1,
	author={Wikipedia Germany},
	title={{Zensur im Internet (Seite mit Informationen über Filtertechnologien)}},
	year=2010,
	note={\\\url{http://de.wikipedia.org/wiki/Zensur_im_Internet}}
}

@MISC{WPG2,
	author={Wikpedia Germany},
	title={{DNS-Spoofing (DNS-Sperren)}},
	year=2010,
	note={\\\url{http://de.wikipedia.org/wiki/DNS-Spoofing}}
}

@MISC{BSI1,
	author={Bundesamt für Sicherheit in der Informationstechnik},
	title={{DNS-Spoofing und Pharming -- Beispiele}},
	year=2007,
	note={\\\url{http://tinyurl.com/3ye43tw}}
}

@MISC{WP1,
	author={Wikipedia},
	title={{Internet Censorship (Artikel über Sperr- und Filtertechnologien; besonders beachtenswert: Software- und Circumvention-Abschnitte)}},
	year=2010,
	note={\\\url{http://en.wikipedia.org/wiki/Internet_censorship}}
}

@MISC{BK1,
	author={Blinde Kuh -- Die Suchmaschine für Kinder},
	title={{Artikel über Filtersoftware und deren Probleme (mit Schwerpunkt auf jüngere Kinder)}},
	note={\\\url{http://www.blinde-kuh.de/schutz.html}}
}

@MISC{IABC1,
	author={Internet-ABC},
	title={{Wissen wie's geht -- Jugendschutz im Internet (v.a. an Eltern gerichtet)}},
	note={\\\url{http://www.internet-abc.de/eltern/112273.php}}
}

@MISC{WSR1,
	author={webshoprecht.de},
	title={{Internet-Service-Provider: Rechtliche Fragen}},
	note={\\\url{http://www.webshoprecht.de/IRModule/ISP.php#20}}
}